@article{Hengl2017soilgrids,
    doi = {10.1371/journal.pone.0169748},
    author = {Hengl, Tomislav AND Mendes de Jesus, Jorge AND Heuvelink, Gerard B. M. AND Ruiperez Gonzalez, Maria AND Kilibarda, Milan AND Blagotić, Aleksandar AND Shangguan, Wei AND Wright, Marvin N. AND Geng, Xiaoyuan AND Bauer-Marschallinger, Bernhard AND Guevara, Mario Antonio AND Vargas, Rodrigo AND MacMillan, Robert A. AND Batjes, Niels H. AND Leenaars, Johan G. B. AND Ribeiro, Eloi AND Wheeler, Ichsani AND Mantel, Stephan AND Kempen, Bas},
    journal = {PLOS ONE},
    publisher = {Public Library of Science},
    title = {SoilGrids250m: Global gridded soil information based on machine learning},
    year = {2017},
    month = {02},
    volume = {12},
    url = {https://doi.org/10.1371/journal.pone.0169748},
    pages = {1-40},
number = {2}
}

@article{Ballabio2019soilChemical,
title = {Mapping LUCAS topsoil chemical properties at European scale using Gaussian process regression},
journal = {Geoderma},
volume = {355},
pages = {113912},
year = {2019},
issn = {0016-7061},
doi = {https://doi.org/10.1016/j.geoderma.2019.113912},
url = {https://www.sciencedirect.com/science/article/pii/S0016706119304768},
author = {Cristiano Ballabio and Emanuele Lugato and Oihane Fernández-Ugalde and Alberto Orgiazzi and Arwyn Jones and Pasquale Borrelli and Luca Montanarella and Panos Panagos}
}


@article{Ballabio2016soilPhysical,
title = {Mapping topsoil physical properties at European scale using the LUCAS database},
journal = {Geoderma},
volume = {261},
pages = {110-123},
year = {2016},
issn = {0016-7061},
doi = {https://doi.org/10.1016/j.geoderma.2015.07.006},
url = {https://www.sciencedirect.com/science/article/pii/S0016706115300173},
author = {Cristiano Ballabio and Panos Panagos and Luca Monatanarella}
}

@misc{geologie2015,
  Author                   = {Geologische Bundesanstalt},
  year                     = {2015},
  title = {Geologie \"Osterreichs},
  howpublished = {\url{https://www.data.gv.at/katalog/dataset/km500-geologie}},
  note = {Accessed: 2021-06-08}
}


@misc{geoland2021dgm,
  Author                   = {Geoland},
  year                     = {2021},
  title = {Digitales Gel\"andemodell (DGM) \"Osterreich},
  howpublished = {\url{https://www.data.gv.at/katalog/dataset/dgm}},
  note = {Accessed: 2021-06-08}
}

@booklet{kindermann2010jahrringanalyse,
  Title                    = {BFW-Dokumentation 11: Erste \"osterreichweite Jahrringanalyse: Daten, Methoden und Ergebnisse},
 author  = {Georg Kindermann},
  year                     = {2010}
}

@manual{hauk2009waldinventur,
  Title                    = {Instruktion für die Feldarbeit der \"Osterreichischen Waldinventur 2007 – 2009 (Fassung 2009)},
  Author                   = {Elmar Hauk and Klemens Schadauer},
  edition                  = {2009},
  year                     = {2009},
  address                  = {BFW}
}

@phdthesis{schieler1997DisWaldinventur,
  Title                    = {Methode der Zuwachsberechnung der \"Osterreichischen Waldinventur},
  Author                   = {Karl Schieler},
  Year                     = {1997},
  school                   = {BOKU}
}

@Article{pollanschuetz1974Formzahlen,
  Title                    = {Formzahlfunktionen der Hauptbaumarten Österreichs},
  Author                   = {Josef Pollanschütz},
  Journal                  = {Allgemeine Forstzeitung},
  Year                     = {1974}
}
@book{guede1988kubierungstabelle,
author = {Hellmuth G\"ude},
title = {Kubierungstabelle},
year = {1988},
Publisher = {Akademische Druck und Verlagsanstalt Graz / Austria}
}

@book{peintinger1973kubierungstabelle,
author = {Karl Peintinger},
title = {Kubierungstabelle},
year = {1973},
Publisher = {Akademische Druck und Verlagsanstalt Graz / Austria}
}

@article{petersson2006belowGroundBiomass,
author = {Hans Petersson and G\"oran St\r{a}hl },
title = {Functions for below-ground biomass of Pinus sylvestris, Picea abies, Betula pendula and Betula pubescens in Sweden},
journal = {Scandinavian Journal of Forest Research},
volume = {21},
number = {S7},
pages = {84-93},
year  = {2006},
publisher = {Taylor & Francis},
doi = {10.1080/14004080500486864},
URL = {https://doi.org/10.1080/14004080500486864},
eprint = {https://doi.org/10.1080/14004080500486864}
}

@article{eckmuellner2006NadelAstmasse,
    author  = {Otto Eckm\"ullner},
    title   = {Allometrische Beziehungen zur Sch"atzung der Nadel-- und Astmasse von Fichte und Kiefer in Österreich},
    journal = {Centralblatt f\"ur das gesamte Forstwesen},
    volume  = {123},
    number  = {1/2},
    year    = {2006},
    pages   = {7--16}
}

@article{kindermann2018siteIndexCurves,
    author  = {Georg Kindermann},
    title   = {Developing site index curves under changing site conditions},
    journal = {Austrian Journal of Forest Science},
    volume  = {5},
    number  = {3},
    year    = {2018},
    pages   = {235--257}
}

@inproceedings{kindermann2019einzelbaumBestandesdichte,
  author  = {Georg Kindermann},
  title   = {Bestimmung der Bestandesdichte f\"ur den Einzelbaum},
  booktitle = {Kl\"adtke, J., Kohnle. U. (ed.), Deutscher Verband Forstlicher Forschungsanstalten. Sektion Ertragskunde. Jahrestagung 03. – 05. 06. 2019, Zwiesel/Bayern. ISSN 1432-2609.},
  year      = 2019,
  pages     = "141--144"
}